<record><leader>00000cas a22000007a 4500</leader><controlfield tag="001">20537500</controlfield><controlfield tag="008">891023c19889999laudn ne      0    0eng d</controlfield><datafield ind1=" " ind2=" " tag="010"><subfield code="a">sn 89059396 </subfield></datafield><datafield ind1=" " ind2=" " tag="040"><subfield code="a">LNP</subfield><subfield code="b">eng</subfield><subfield code="c">LNP</subfield><subfield code="d">OCLCQ</subfield><subfield code="d">LNP</subfield><subfield code="d">OCLCQ</subfield><subfield code="d">OCLCF</subfield><subfield code="d">OCLCO</subfield></datafield><datafield ind1="1" ind2=" " tag="029"><subfield code="a">AU@</subfield><subfield code="b">000020582979</subfield></datafield><datafield ind1=" " ind2=" " tag="042"><subfield code="a">msc</subfield></datafield><datafield ind1=" " ind2=" " tag="043"><subfield code="a">n-us-la</subfield></datafield><datafield ind1="0" ind2="0" tag="245"><subfield code="a">Southwest daily news.</subfield></datafield><datafield ind1=" " ind2=" " tag="260"><subfield code="a">Sulphur, La. :</subfield><subfield code="b">News Leader, Inc.,</subfield><subfield code="c">1988-</subfield></datafield><datafield ind1=" " ind2=" " tag="300"><subfield code="a">v.</subfield></datafield><datafield ind1=" " ind2=" " tag="310"><subfield code="a">Daily (except Mon., Sat., Christmas and New Year), Jan. 2, 2004-</subfield></datafield><datafield ind1=" " ind2=" " tag="321"><subfield code="a">Daily (except Mon.),</subfield><subfield code="b">Sept. 5. 2000-Dec. 31, 2003</subfield></datafield><datafield ind1=" " ind2=" " tag="321"><subfield code="a">Daily,</subfield><subfield code="b">Apr. 23, 1995-Sept. 3, 2000</subfield></datafield><datafield ind1=" " ind2=" " tag="321"><subfield code="a">Daily (except Mon. and Sat.),</subfield><subfield code="b">May 17, 1988-Apr. 22, 1995</subfield></datafield><datafield ind1="0" ind2=" " tag="362"><subfield code="a">Vol. 58, no. 98 (May 17, 1988)-</subfield></datafield><datafield ind1=" " ind2="0" tag="651"><subfield code="a">Sulphur (La.)</subfield><subfield code="v">Newspapers.</subfield></datafield><datafield ind1=" " ind2="7" tag="655"><subfield code="a">Newspapers.</subfield><subfield code="2">fast</subfield><subfield code="0">(OCoLC)fst01423814</subfield></datafield><datafield ind1=" " ind2="7" tag="651"><subfield code="a">Louisiana</subfield><subfield code="z">Sulphur.</subfield><subfield code="2">fast</subfield><subfield code="0">(OCoLC)fst01213380</subfield></datafield><datafield ind1=" " ind2=" " tag="752"><subfield code="a">United States</subfield><subfield code="b">Louisiana</subfield><subfield code="c">Calcasieu</subfield><subfield code="d">Sulphur.</subfield></datafield><datafield ind1="0" ind2="0" tag="780"><subfield code="t">Southwest builder Southwest daily news</subfield><subfield code="w">(DLC)sn 88064424</subfield></datafield></record>